@article{Aoyama:2020ynm,
    author = "Aoyama, T. and others",
    title = "{The anomalous magnetic moment of the muon in the Standard Model}",
    eprint = "2006.04822",
    archivePrefix = "arXiv",
    primaryClass = "hep-ph",
    reportNumber = "FERMILAB-PUB-20-207-T, INT-PUB-20-021, KEK Preprint 2020-5,
  MITP/20-028, KEK Preprint 2020-5, MITP/20-028, CERN-TH-2020-075, IFT-UAM/CSIC-20-74, LMU-ASC 18/20, LTH 1234,
  LU TP 20-20, LTH 1234, LU TP 20-20, MAN/HEP/2020/003, PSI-PR-20-06, UWThPh 2020-14, ZU-TH 18/20",
    doi = "10.1016/j.physrep.2020.07.006",
    journal = "Phys. Rept.",
    volume = "887",
    pages = "1--166",
    year = "2020"
}
